@article{greensite2003confinement,
  title={The confinement problem in lattice gauge theory},
  author={Greensite, Jeff},
  journal={Progress in Particle and Nuclear Physics},
  volume={51},
  number={1},
  pages={1--83},
  year={2003},
  publisher={Elsevier}
}

@book{ripka2004dual,
  title={Dual superconductor models of color confinement},
  author={Ripka, Georges},
  volume={639},
  year={2004},
  publisher={Springer Science \& Business Media}
}

@article{creutz1977gauge,
  title={Gauge fixing, the transfer matrix, and confinement on a lattice},
  author={Creutz, Michael},
  journal={Physical Review D},
  volume={15},
  number={4},
  pages={1128},
  year={1977},
  publisher={APS}
}

@article{jaffe2006quantum,
  title={Quantum yang-mills theory},
  author={Jaffe, Arthur and Witten, Edward},
  journal={The millennium prize problems},
  number={1},
  pages={129},
  year={2006},
  publisher={Clay Mathematics Institute Cambridge, MA}
}

@book{gattringer_lang_2009,
place={New York},
title={Quantum Chromodynamics on the Lattice},
publisher={Springer},
author={Gattringer, Christof and Lang, Christian B},
year={2009}
}

@incollection{wilson1977quarks,
  title={Quarks and strings on a lattice},
  author={Wilson, Kenneth G},
  booktitle={New phenomena in subnuclear physics},
  pages={69--142},
  year={1977},
  publisher={Springer}
}

@article{muroya2003lattice,
  title={Lattice QCD at finite density: an introductory review},
  author={Muroya, Shin and Nakamura, Atsushi and Nonaka, Chiho and Takaishi, Tetsuya},
  journal={Progress of theoretical physics},
  volume={110},
  number={4},
  pages={615--668},
  year={2003},
  publisher={Oxford University Press}
}